@InProceedings{He_2015_ICCV,
author = {He, Kaiming and Zhang, Xiangyu and Ren, Shaoqing and Sun, Jian},
title = {Delving Deep into Rectifiers: Surpassing Human-Level Performance on ImageNet Classification},
booktitle = {Proceedings of the IEEE International Conference on Computer Vision (ICCV)},
month = {December},
year = {2015}
}